% ao2e.bib
% 
%  An example of bibtex entries.
%  Entries taken from BMC instructions for authors page.

% uncomment next line to make author-year bibliography
@settings{label, options="nameyear"}

%SUPERSEDE
@inproceedings{ameller2017replan,
  title={Replan: a release planning tool},
  author={Ameller, David and Farr{\'e}, Carles and Franch, Xavier and Cassarino, Antonino and Valerio, Danilo and Elvassore, Valentin},
  booktitle={Software Analysis, Evolution and Reengineering (SANER), 2017 IEEE 24th International Conference on},
  pages={516--520},
  year={2017},
  organization={IEEE}
}
@inproceedings{KifetewMPSSB17_RE17demo,
  author    = {Fitsum Meshesha Kifetew and
               Denisse Mu{\~{n}}ante and
               Anna Perini and
               Angelo Susi and
               Alberto Siena and
               Paolo Busetta},
  title     = {{DMGame: {A} Gamified Collaborative Requirements Prioritisation Tool}},
  booktitle = {25th {IEEE} International Requirements Engineering Conference, {RE}
               2017, Lisbon, Portugal, September 4-8, 2017},
  publisher = {{IEEE} Computer Society},
  year      = {2017}
}}},
  pages     = {468--469},
OPTpublisher = {{IEEE} Computer Society},
  year      = {2017}
}
@inproceedings{BusettaKMPSS17,
  author    = {Paolo Busetta and
               Fitsum Meshesha Kifetew and
               Denisse Mu{\~{n}}ante and
               Anna Perini and
               Alberto Siena and
               Angelo Susi},
  title     = {{Tool-Supported Collaborative Requirements Prioritisation}},
  booktitle = {41st IEEE Annual Computer Software and Applications Conference, COMPSAC 2017, Turin, Italy, July 4-8, 2017}, 
  pages     = {180--189},
  publisher = {{IEEE} Computer Society},
  year      = {2017},
ISBN  = {978-1-5386-0367-3}
}
@inproceedings{FranchRPAAGNOSS18,
  author    = {Xavier Franch and
               Jolita Ralyt{\'{e}} and
               Anna Perini and
               Alberto Abell{\'{o}} and
               David Ameller and
               Jes{\'{u}}s Gorro{\~{n}}ogoitia and
               Sergi Nadal and
               Marc Oriol and
               Norbert Seyff and
               Alberto Siena and
               Angelo Susi},
  title     = {A Situational Approach for the Definition and Tailoring of a Data-Driven
               Software Evolution Method},
  booktitle = {Advanced Information Systems Engineering - 30th International Conference,
               CAiSE 2018, Tallinn, Estonia, June 11-15, 2018, Proceedings},
  pages     = {603--618},
  year      = {2018},
  OPTcrossref  = {DBLP:conf/caise/2018},
  url       = {https://doi.org/10.1007/978-3-319-91563-0\_37},
  doi       = {10.1007/978-3-319-91563-0\_37}
  }
%end SUPERSEDE
@inproceedings{DBLP:conf/jowo/BenevidesBGP17,
  author    = {Alessander Botti Benevides and
               Jean{-}R{\'{e}}mi Bourguet and
               Giancarlo Guizzardi and
               Rafael Pe{\~{n}}aloza},
  title     = {Representing the {UFO-B} Foundational Ontology of Events in {SROIQ}},
  booktitle = {Proceedings of the Joint Ontology Workshops 2017 Episode 3: The Tyrolean
               Autumn of Ontology, Bozen-Bolzano, Italy, September 21-23, 2017.},
  year      = {2017}
}

@inproceedings{DBLP:conf/er/GuizzardiFGW13,
  author    = {Renata S. S. Guizzardi and
               Xavier Franch and
               Giancarlo Guizzardi and
               Roel Wieringa},
  title     = {Ontological Distinctions between Means-End and Contribution Links
               in the i* Framework},
  booktitle = {Conceptual Modeling - 32th International Conference, {ER} 2013, Hong-Kong,
               China, November 11-13, 2013. Proceedings},
  pages     = {463--470},
  year      = {2013}
}

@article{souza-et-al:csrd13,
	title = {{Requirements-driven software evolution}},
	author = {Souza, V{\'{\i}}tor E. S. and Lapouchnian, Alexei and Angelopoulos, Konstantinos and Mylopoulos, John},
	journal = {Computer Science - Research and Development},
	month = {nov},
	number = {4},
	pages = {311--329},
	publisher = {Springer},
	volume = {28},
	year = {2013}
}

@inproceedings{value-risk-2018,
  author    = {Prince, Tiago and {et al.}},
  title     = {The Common Ontology of Value and Risk},
  booktitle = {submitted to the 37th International Conference on Conceptual Modeling (ER 2018), Xi'an},
  year      = {2018},
}

@inproceedings{DBLP:conf/ekaw/RuyFBCG16,
  author    = {Fabiano Borges Ruy and
               Ricardo de Almeida Falbo and
               Monalessa Perini Barcellos and
               Simone Dornelas Costa and
               Giancarlo Guizzardi},
  title     = {{SEON:} {A} Software Engineering Ontology Network},
  booktitle = {Knowledge Engineering and Knowledge Management - 20th International
               Conference, {EKAW} 2016, Bologna, Italy, November 19-23, 2016, Proceedings},
  pages     = {527--542},
  year      = {2016}
}

@inproceedings{DBLP:conf/rcis/WangMGG16,
  author    = {Xiaowei Wang and
               John Mylopoulos and
               Giancarlo Guizzardi and
               Nicola Guarino},
  title     = {How software changes the world: The role of assumptions},
  booktitle = {Tenth {IEEE} International Conference on Research Challenges in Information
               Science, {RCIS} 2016, Grenoble, France, June 1-3, 2016},
  pages     = {1--12},
  year      = {2016},
  doi       = {10.1109/RCIS.2016.7549327}
}

@inproceedings{DBLP:conf/er/VerdonckG16a,
  author    = {Micha{\"{e}}l Verdonck and
               Frederik Gailly},
  title     = {Insights on the Use and Application of Ontology and Conceptual Modeling
               Languages in Ontology-Driven Conceptual Modeling},
  booktitle = {Conceptual Modeling - 35th International Conference, {ER} 2016, Gifu,
               Japan, November 14-17, 2016, Proceedings},
  pages     = {83--97},
  year      = {2016},
  doi       = {10.1007/978-3-319-46397-1_7},
  timestamp = {Thu, 25 May 2017 00:39:51 +0200},
 }
@article{liu-feng:ijact12,
	title={Uncertainty Modeling of Self-adaptive Software Requirement},
	author={Liu, Wei and Feng, Zaiwen},
	journal={International Journal of Advancements in Computing Technology},
	volume={4},
	number={11},
	year={2012},
	publisher={Advanced Institute of Convergence IT Technology}
}

@proceedings{DBLP:conf/refsq/2015,
  editor    = {Samuel A. Fricker and
               Kurt Schneider},
  title     = {Requirements Engineering: Foundation for Software Quality - 21st International
               Working Conference, {REFSQ} 2015, Essen, Germany, March 23-26, 2015.
               Proceedings},
  series    = {Lecture Notes in Computer Science},
  volume    = {9013},
  publisher = {Springer},
  year      = {2015},
  doi       = {10.1007/978-3-319-16101-3},
  isbn      = {978-3-319-16100-6},
}


@ARTICLE{robinson-purao:tsc11, 
	author={W. N. Robinson and S. Purao}, 
	journal={IEEE Transactions on Services Computing}, 
	title={Monitoring Service Systems from a Language-Action Perspective}, 
	year={2011}, 
	volume={4}, 
	number={1}, 
	pages={17-30}, 
	ISSN={1939-1374}, 
	month={Jan}
}

@INPROCEEDINGS{kim-et-al:cit07, 
	author={J. Kim and J. Lee and B. Lee}, 
	booktitle={7th IEEE International Conference on Computer and Information Technology (CIT 2007)}, 
	title={Runtime Service Discovery and Reconfiguration Using OWL-S Based Semantic Web Service}, 
	year={2007}, 
	pages={891-896}, 
	month={Oct},
}

@article{silva-weigand:er11,
	title={Enterprise monitoring ontology},
	author={de Alencar Silva, Patr{\'\i}cio and Weigand, Hans},
	journal={Conceptual Modeling--ER 2011},
	pages={132--146},
	year={2011},
	publisher={Springer}
}

@inproceedings{oyama-et-al:compsac08, 
	author={K. Oyama and H. Jaygarl and J. Xia and C. K. Chang and A. Takeuchi and H. Fujimoto}, 
	booktitle={Proc. of the 32nd Annual IEEE International Computer Software and Applications Conference}, 
	title={A Human-Machine Dimensional Inference Ontology that Weaves Human Intentions and Requirements of Context Awareness Systems}, 
	year={2008}, 
	pages={287-294}, 
	ISSN={0730-3157}, 
	month={July},
}


@inproceedings{qureshi-et-al:caise11,
	title={Requirements engineering for self-adaptive systems: Core ontology and problem statement},
	author={Qureshi, Nauman A and Jureta, Ivan J and Perini, Anna},
	booktitle={International Conference on Advanced Information Systems Engineering},
	pages={33--47},
	year={2011},
	organization={Springer}
}

@inproceedings{gillain-et-al:rcis13, 
	author={J. Gillain and S. Faulkner and I. J. Jureta and M. Snoeck}, 
	booktitle={Proc. of the 7th IEEE International Conference on Research Challenges in Information Science (RCIS)}, 
	title={Using goals and customizable services to improve adaptability of process-based service compositions}, 
	year={2013}, 
	pages={1-9}, 
	ISSN={2151-1349}, 
	month={May},}

@inproceedings{brank-et-al:sikdd05,
	title = {{A survey of ontology evaluation techniques}},
	author = {Brank, Janez and Grobelnik, Marko and Mladenic, Dunja},
	booktitle = {Proc. of the 2005 Conference on Data Mining and Data Warehouses},
	month = {oct},
	pages = {166--170},
	address = {Ljubljana, Slovenia},
	year = {2005}
}


@article{souza-et-al:ao17,
	title = {{ROoST: Reference Ontology on Software Testing}},
	author = {de Souza, {\'{E}}rica Ferreira and Falbo, Ricardo de Almeida and Vijaykumar, Nandamudi Lankalapali},
	issn = {18758533},
	journal = {Applied Ontology},
	pages = {1--32},
	publisher = {IOS Press},
	year = {2017}
}


@incollection{souza-et-al:sefsas13,
	title = {{Awareness Requirements}},
	author = {Souza, V{\'{\i}}tor E. S. and Lapouchnian, Alexei and Robinson, William N. and Mylopoulos, John},
	booktitle = {Software Engineering for Self-Adaptive Systems II},
	editor = {Lemos, Rog{\'{e}}rio and Giese, Holger and M{\"{u}}ller, Hausi A. and Shaw, Mary},
	isbn = {978-3-642-35812-8},
	pages = {133--161},
	publisher = {Springer},
	series = {Lecture Notes in Computer Science},
	volume = {7475},
	year = {2013}
}

@inproceedings{dalpiaz-et-al:rcis13,
	title = {{Runtime goal models}},
	author = {Dalpiaz, Fabiano and Borgida, Alexander and Horkoff, Jennifer and Mylopoulos, John},
	booktitle = {Proc. of the IEEE 7th International Conference on Research Challenges in Information Science},
	isbn = {978-1-4673-2914-9},
	month = {may},
	pages = {1--11},
	publisher = {IEEE},
	address = {Paris, France},
	year = {2013}
}

@article{huebscher-mccann:cs08,
	title = {{A survey of Autonomic Computing—Degrees, Models, and Applications}},
	author = {Huebscher, Markus C. and McCann, Julie A.},
	journal = {ACM Computing Surveys},
	number = {3},
	pages = {1--28},
	publisher = {ACM},
	volume = {40},
	year = {2008}
}

@book{cheng-et-al:book09,
	title = {{Software Engineering for Self-Adaptive Systems}},
	editor = {Cheng, Betty H. C. and de Lemos, Rog\'{e}rio and Giese, Holger and Inverardi, Paola and Magee, Jeff},
	publisher = {Springer},
	series = {Lecture Notes in Computer Science},
	volume = {5525},
	year = {2009}
}

@book{delemos-et-al:book13,
	title = {{Software Engineering for Self-Adaptive Systems II}},
	editor = {de Lemos, Rog\'{e}rio and Giese, Holger and M\"{u}ller, Hausi A. and Shaw, Mary},
	publisher = {Springer},
	series = {Lecture Notes in Computer Science},
	volume = {7475},
	year = {2013}
}

@inproceedings{kitchenham-et-al:ease10,
	title = {The Value of Mapping Studies: A Participantobserver Case Study},
	author = {Kitchenham, Barbara A. and Budgen, David and Brereton, O. Pearl},
	booktitle = {Proc. of the 14th International Conference on Evaluation and Assessment in Software Engineering},
	series = {EASE'10},
	year = {2010},
	location = {UK},
	pages = {25--33},
	numpages = {9},
	publisher = {British Computer Society},
	address = {Swinton, UK, UK},
} 

@techreport{kitchenham-charters:techrep07,
	title = {{Guidelines for performing Systematic Literature Reviews in Software Engineering}},
	author = {Kitchenham, Barbara A. and Charters, Stuart},
	institution = {Keele University, UK},
	url = {https://www.cs.auckland.ac.nz/{~}mria007/Sulayman/Systematic{\_}reviews{\_}5{\_}8.pdf},
	year = {2007}
}

@inproceedings{falbo:ontocomodise14,
	title = {{SABiO: Systematic Approach for Building Ontologies}},
	author = {Falbo, Ricardo A.},
	booktitle = {Proc. of the Proceedings of the 1st Joint Workshop ONTO.COM / ODISE on Ontologies in Conceptual Modeling and Information Systems Engineering},
	editor = {Guizzardi, Giancarlo and Pastor, Oscar and Wand, Yair and de Cesare, Sergio and Gailly, Frederik and Lycett, Mark and Partridge, Chris},
	month = {sep},
	publisher = {CEUR},
	address = {Rio de Janeiro, RJ, Brasil},
	year = {2014}
}

@phdthesis{guizzardi:phdthesis05,
	title = {{Ontological Foundations for Structural Conceptual Models}},
	author = {Guizzardi, Giancarlo},
	school = {University of Twente, The Netherlands},
	type = {PhD Thesis},
	year = {2005}
}

@phdthesis{guizzardi:phdthesis06,
	title = {{Agent-oriented Constructivist Knowledge Management}},
	author = {Guizzardi, Renata S. S.},
	school = {University of Twente, The Netherlands},
	type = {PhD Thesis},
	year = {2006}
}


% Source: http://eprints-phd.biblio.unitn.it/809/
@phdthesis{souza:phdthesis12,
	title = {{Requirements-based Software System Adaptation}},
	author = {Souza, V\'{\i}tor E. S.},
	school = {University of Trento, Italy},
	type = {PhD Thesis},
	year = {2012}
}

@incollection{cheng-atlee:fose07,
	title = {{Research Directions in Requirements Engineering}},
	author = {Cheng, Betty H. C. and Atlee, Joanne M.},
	booktitle = {Future of Software Engineering (FOSE '07)},
	month = {may},
	pages = {285--303},
	publisher = {IEEE},
	year = {2007}
}

@article{zave-jackson:tsem97,
	title = {{Four Dark Corners of Requirements Engineering}},
	author = {Zave, Pamela and Jackson, Michael},
	journal = {ACM Transactions on Software Engineering and Methodology},
	month = {jan},
	number = {1},
	pages = {1--30},
	volume = {6},
	year = {1997}
}

@book{rrt11,
	title = {{Proceedings of the 2nd International Workshop on Requirements@Run.Time}},
	editor = {Bencomo, Nelly and Letier, Emmanuel and Finkelstein, Anthony and Whittle, Jon and Welsh, Kriss},
	publisher = {IEEE},
	year = {2011}
}

@inproceedings{feather-et-al:iwssd98,
	title = {{Reconciling system requirements and runtime behavior}},
	author = {Feather, M.S. and Fickas, Stephen and van Lamsweerde, Axel and Ponsard, Christophe},
	booktitle = {Proc. of the 9th International Workshop on Software Specification and Design},
	pages = {50--59},
	publisher = {IEEE},
	year = {1998}
}

@inproceedings{bencomo-et-al:icse10,
	title = {{Requirements Reflection: Requirements as Runtime Entities}},
	author = {Bencomo, Nelly and Whittle, Jon and Sawyer, Pete and Finkelstein, Anthony and Letier, Emmanuel},
	booktitle = {Proc. of the 32nd ACM/IEEE International Conference on Software Engineering (ICSE '10)},
	month = {may},
	pages = {199--202},
	publisher = {ACM},
	volume = {2},
	address = {Cape Town, South Africa},
	year = {2010}
}

@inproceedings{souza-et-al:seams12,
	title = {{(Requirement) Evolution Requirements for Adaptive Systems}},
	author = {Souza, V{\'{\i}}tor E. S. and Lapouchnian, Alexei and Mylopoulos, John},
	booktitle = {Proc. of the 7th International Symposium on Software Engineering for Adaptive and Self-Managing Systems},
	month = {jun},
	pages = {155--164},
	publisher = {IEEE},
	address = {Zurich, Switzerland},
	year = {2012}
}

@inproceedings{qureshi-perini:re10,
	title = {{Requirements Engineering for Adaptive Service Based Applications}},
	author = {Qureshi, Nauman A. and Perini, Anna},
	booktitle = {Proc. of the 18th IEEE International Requirements Engineering Conference},
	month = {sep},
	pages = {108--111},
	publisher = {IEEE},
	address = {Sydney, Australia},
	year = {2010}
}

@article{robinson:re06,
	title = {{A requirements monitoring framework for enterprise systems}},
	author = {Robinson, William N.},
	journal = {Requirements Engineering},
	number = {1},
	pages = {17--41},
	publisher = {Springer},
	volume = {11},
	year = {2006}
}

@inproceedings{guizzardi-et-al:fois14,
	title = {{An Ontological Interpretation of Non-Functional Requirements}},
	author = {Guizzardi, Renata S. S. and Li, Feng-Lin and Borgida, Alexander and Guizzardi, Giancarlo and Horkoff, Jennifer and Mylopoulos, John},
	booktitle = {Proc. of the 8th International Conference on Formal Ontology in Information Systems},
	editor = {Garbacz, Pawel and Kutz, Oliver},
	month = {sep},
	pages = {344--357},
	publisher = {IOS Press},
	address = {Rio de Janeiro, RJ, Brasil},
	volume = {267},
	year = {2014}
}

@inproceedings{wang-et-al:fois14,
	title = {{Towards an Ontology of Software: a Requirements Engineering Perspective}},
	author = {Wang, Xiaowei and Guarino, Nicola and Guizzardi, Giancarlo and Mylopoulos, John},
	booktitle = {Proc. of the 8th International Conference on Formal Ontology in Information Systems},
	editor = {Garbacz, Pawel and Kutz, Oliver},
	month = {sep},
	pages = {317--329},
	publisher = {IOS Press},
	address = {Rio de Janeiro, RJ, Brasil},
	volume = {267},
	year = {2014}
}

@inproceedings{gruninger-fox:ijcai95,
	title = {{Methodology for the Design and Evaluation of Ontologies}},
	author = {Gr{\"u}ninger, M. and Fox, M.},
	booktitle = {IJCAI'95 Workshop on Basic Ontological Issues in Knowledge Sharing},
	year = 1995
}

@article{bringuente-et-al:jidm11,
	title = {{Using a Foundational Ontology for Reengineering a Software Process Ontology}},
	author = {Bringuente, Ana C. O. and Falbo, Ricardo A. and Guizzardi, Giancarlo},
	editor = {Oliveira, Jos{\'{e}} P. M.},
	journal = {Journal of Information and Data Management},
	number = {3},
	pages = {511--526},
	publisher = {Brazilian Computer Society},
	volume = {2},
	year = {2011}
}

@inproceedings{angelopoulos-et-al:seams13,
	title = {{Requirements and Architectural Approaches to Adaptive Software Systems: A Comparative Study}},
	author = {Angelopoulos, Konstantinos and Souza, V{\'{\i}}tor E. S. and Pimentel, Jo{\~{a}}o},
	booktitle = {Proc. of the 8th International Symposium on Software Engineering for Adaptive and Self-Managing Systems},
	month = {may},
	pages = {23--32},
	publisher = {IEEE},
	address = {San Francisco, CA, USA},
	year = {2013}
}


@inproceedings{jureta-et-al:re08,
	title = {{Revisiting the Core Ontology and Problem in Requirements Engineering}},
	author = {Jureta, Ivan and Mylopoulos, John and Faulkner, Stephane},
	booktitle = {Proc. of the 16th IEEE International Requirements Engineering Conference},
	pages = {71--80},
	publisher = {IEEE},
	year = {2008}
}

@article{masolo-et-al:2003,
	title={{Dolce: a descriptive ontology for linguistic and cognitive engineering}},
	author={Masolo, C and Borgo, S and Gangemi, A and Guarino, N and Oltramari, A and Schneider, L},
	journal={WonderWeb Project, Deliverable D17 v2},
	volume={1},
	year={2003}
}

@article{garlan2004rainbow,
	title={Rainbow: Architecture-based self-adaptation with reusable infrastructure},
	author={Garlan, David and Cheng, Shang-Wen and Huang, An-Cheng and Schmerl, Bradley and Steenkiste, Peter},
	journal={Computer},
	volume={37},
	number={10},
	pages={46--54},
	year={2004},
	publisher={IEEE}
}

@inproceedings{bencomo2010requirementsreflection,
	title={Requirements reflection: requirements as runtime entities},
	author={Bencomo, Nelly and Whittle, Jon and Sawyer, Pete and Finkelstein, Anthony and Letier, Emmanuel},
	booktitle={Proc. of the 32nd ACM/IEEE International Conference on Software Engineering-Volume 2},
	pages={199--202},
	year={2010},
	organization={ACM}
}

@inproceedings{baresi2010flags,
	title={Fuzzy goals for requirements-driven adaptation},
	author={Baresi, Luciano and Pasquale, Liliana and Spoletini, Paola},
	booktitle={Proc. of the 18th IEEE International Requirements Engineering Conference (RE 2010)},
	pages={125--134},
	year={2010},
	organization={IEEE}
}

@article{falbo2011reengineeringspo,
	title={Using a foundational ontology for reengineering a software process ontology},
	author={de Oliveira Bringuente, Ana Christina and de Almeida Falbo, Ricardo and Guizzardi, Giancarlo},
	journal={Journal of Information and Data Management},
	volume={2},
	number={3},
	pages={511},
	year={2011}
}

@article{falbo2009spo,
	title={A software process ontology as a common vocabulary about software processes},
	author={Falbo, Ricardo De Almeida and Bertollo, Gleidson},
	journal={International Journal of Business Process Integration and Management},
	volume={4},
	number={4},
	pages={239--250},
	year={2009},
	publisher={Inderscience Publishers}
}

@article{studer1998knowledge,
	title={Knowledge engineering: principles and methods},
	author={Studer, Rudi and Benjamins, V Richard and Fensel, Dieter},
	journal={Data \& knowledge engineering},
	volume={25},
	number={1},
	pages={161--197},
	year={1998},
	publisher={Elsevier}
}

@inproceedings{guizzardi-et-al:ideas2008,
	title={{Grounding Software Domain Ontologies in the Unified Foundational Ontology (UFO): The case of the ODE Software Process Ontology}},
	author={Guizzardi, Giancarlo and de Almeida Falbo, Ricardo and Guizzardi, Renata SS},
	booktitle={{Proc. of the 11th Iberoamerican Conference on Software Engineering (CIbSE)}},
	pages={127--140},
	year={2008}
}

@inproceedings{nardi-falbo:clei08,
	title = {{Evolving a Software Requirements Ontology}},
	author = {Nardi, Julio C. and Falbo, Ricardo A.},
	booktitle = {Proc. of the 34th Conferencia Latinoamericana de Informatica (CLEI 08)},
	month = {sep},
	address = {Santa Fe, Argentina},
	year = {2008}
}

@article{guizzardi-et-al:ao15,
	title={Towards Ontological Foundation for Conceptual Modeling: The Unified Foundational Ontology (UFO) Story},
	author={Guizzardi, Giancarlo and Wagner, Gerd and Almeida, Jo{\~a}o Paulo Andrade and Guizzardi, Renata S. S.},
	journal={Applied Ontology},
	volume={10},
	number={3--4},
	pages={259--271},
	publisher={IOS Press},
	year={2015}
}

@inproceedings{guizzardi-et-al:er13,
	title={{Towards Ontological Foundations for the Conceptual Modeling of Events}},
	author={Guizzardi, Giancarlo and Wagner, Gerd and Falbo, Ricardo de Almeida and Guizzardi, Renata S. S. and Almeida, Jo{\~a}o Paulo A.},
	booktitle={Proc. of the 32th International Conference on Conceptual Modeling},
	publisher={Springer},
	pages={327--341},
	year={2013}
}

@article{benevides-et-al:jucs10,
	title={{Validating Modal Aspects of OntoUML Conceptual Models Using Automatically Generated Visual World Structures}},
	author={Benevides, Alessander B. and Guizzardi, Giancarlo and Braga, Bernardo F. B. and Almeida, João Paulo A.},
	journal={Journal of Universal Computer Science},
	volume={16},
	number={20},
	pages={2904--2933},
	year={2010}
}

@article{irmak:gps13,
	title={Software is an abstract artifact},
	author={Irmak, Nurbay},
	journal={Grazer Philosophische Studien},
	volume={86},
	number={1},
	pages={55--72},
	year={2013},
	publisher={Rodopi}
}

@inproceedings{souza2011from-awareness-to-adaptative,
	title={From awareness requirements to adaptive systems: A control-theoretic approach},
	author={Souza, V{\'\i}tor E Silva and Mylopoulos, John},
	booktitle={Proc. of the 2nd International Workshop on Requirements@ Run. Time (RE@ RunTime 2011)},
	pages={9--15},
	year={2011},
	organization={IEEE}
}

@inproceedings{van1991kaos,
	title={The KAOS project: Knowledge acquisition in automated specification of software},
	author={Van Lamsweerde, Axel and Dardenne, Anne and Delcourt, Bruno and Dubisy, Fran{\c{c}}oise and others},
	booktitle={Proc. of the AAAI Spring Symposium Series},
	year={1991}
}

@inproceedings{souza2011awareness,
	title={Awareness requirements for adaptive systems},
	author={Souza, V{\'\i}tor E. Silva and Lapouchnian, Alexei and Robinson, William N. and Mylopoulos, John},
	booktitle={Proc. of the 6th international Symposium on Software Engineering for Adaptive and Self-managing Systems},
	pages={60--69},
	year={2011},
	organization={ACM}
}

@article{whittle2010relax,
	title={RELAX: a language to address uncertainty in self-adaptive systems requirement},
	author={Whittle, Jon and Sawyer, Pete and Bencomo, Nelly and Cheng, Betty HC and Bruel, Jean-Michel},
	journal={Requirements Engineering},
	volume={15},
	number={2},
	pages={177--196},
	year={2010},
	publisher={Springer}
}

@inproceedings{borgida2013requirements,
	title={Requirements models for design-and runtime: A position paper},
	author={Borgida, Alexander and Dalpiaz, Fabiano and Horkoff, Jennifer and Mylopoulos, John},
	booktitle={Proc. of the 5th International Workshop on Modeling in Software Engineering},
	pages={62--68},
	year={2013},
	organization={IEEE Press}
}

@inproceedings{guerson2015oled,
	title={OntoUML Lightweight Editor: A Model-Based Environment to Build, Evaluate and Implement Reference Ontologies},
	author={Guerson, John and Sales, Tiago Prince and Guizzardi, Giancarlo and Almeida, Jo{\~a}o Paulo A},
	booktitle={Proc. of the 19th IEEE International Enterprise Distributed Object Computing Workshop},
	pages={144--147},
	year={2015},
	organization={IEEE}
}

@incollection{guizzardi-sales2014anti-patterns,
	title={Detection, simulation and elimination of semantic anti-patterns in ontology-driven conceptual models},
	author={Guizzardi, Giancarlo and Sales, Tiago Prince},
	booktitle={Conceptual Modeling},
	pages={363--376},
	year={2014},
	publisher={Springer}
}

@article{sales2015ontological,
	title={Ontological anti-patterns: Empirically uncovered error-prone structures in ontology-driven conceptual models},
	author={Sales, Tiago Prince and Guizzardi, Giancarlo},
	journal={Data \& Knowledge Engineering},
	volume={99},
	pages={72--104},
	year={2015},
	publisher={Elsevier}
}

@inproceedings{duarteetal2016towards,
	title={Towards an ontology of requirements at runtime},
	author={Duarte, Bruno Borlini and Souza, V{\i}tor E Silva and Leal, Andre Luiz de Castro and Guizzardi, Giancarlo and Falbo, Ricardo de Almeida and Guizzardi, Renata S. S.},
	booktitle={Proc. of the 9th International Conference on Formal Ontology in Information Systems (FOIS 2016)},
	volume={283},
	pages={255},
	year={2016},
	organization={IOS Press}
}

@article{duarteetal2018AO,
	title={Ontological Foundations for Software Requirements with a Focus on Requirements at Runtime},
	author={Duarte, Bruno Borlini and Souza, V{\i}tor E Silva and Leal, Andre Luiz de Castro and Guizzardi, Giancarlo and Falbo, Ricardo de Almeida and Guizzardi, Renata S. S.},
	journal={Applied Ontology},
	pages={to appear},
	year={2018},
	organization={IOS Press}
}

@article{jureta2009core,
	title={A core ontology for requirements},
	author={Jureta, Ivan J and Mylopoulos, John and Faulkner, St{\'e}phane},
	journal={Applied Ontology},
	volume={4},
	number={3-4},
	pages={169--244},
	year={2009},
	publisher={IOS Press}
}

@book{jackson2012alloy,
	title={Software Abstractions: logic, language, and analysis},
	author={Jackson, Daniel},
	year={2012},
	publisher={MIT press}
}

@article{guizzardi2007ontology,
	title={On ontology, ontologies, conceptualizations, modeling languages, and (meta) models},
	author={Guizzardi, Giancarlo},
	journal={Frontiers in artificial intelligence and applications},
	volume={155},
	pages={18},
	year={2007},
	publisher={IOS Press}
}

@inproceedings{ruy-et-al:ekaw16,
	title={SEON: A Software Engineering Ontology Network},
	author={Ruy, Fabiano Borges and Falbo, Ricardo de Almeida and Barcellos, Monalessa Perini and Costa, Simone Dornelas and Guizzardi, Giancarlo},
	booktitle={Knowledge Engineering and Knowledge Management: 20th International Conference, EKAW 2016, Bologna, Italy, November 19-23, 2016, Proceedings 20},
	pages={527--542},
	year={2016},
	organization={Springer}
}

@book{suarez-figueroa-et-al:onbook2012,
	title={Ontology engineering in a networked world},
	author={Su{\'a}rez-Figueroa, Mari Carmen and G{\'o}mez-P{\'e}rez, Asunci{\'o}n and Motta, Enrico and Gangemi, Aldo},
	year={2012},
	publisher={Springer Science \& Business Media}
}

@inproceedings{ericasouza-et-al2013testing-ontology,
	title={Using ontology patterns for building a reference software testing ontology},
	author={Souza, Erica F and Falbo, RA and Vijaykumar, Nandamudi L},
	booktitle={Proc. of the 17th IEEE International Enterprise Distributed Object Computing Conference Workshops (EDOCW 2013)},
	pages={21--30},
	year={2013},
	organization={IEEE}
}

@inproceedings{barcellos-et-al2010measurement-ontology,
	title={A Well-Founded Software Measurement Ontology},
	author={Barcellos, Monalessa Perini and de Almeida Falbo, Ricardo and Dal Moro, Rodrigo},
	booktitle={Proc. of the 6th International Conference on Formal Ontology in Information Systems (FOIS 2010)},
	pages={213--226},
	year={2010}
}

@article{moltmann2007events-tropes,
	title={Events, tropes, and truthmaking},
	author={Moltmann, Friederike},
	journal={Philosophical Studies},
	volume={134},
	number={3},
	pages={363--403},
	year={2007},
	publisher={Springer}
}

@book{van2009requirements,
	title={Requirements engineering: From system goals to UML models to software},
	author={Van Lamsweerde, Axel},
	volume={10},
	year={2009},
	publisher={Chichester, UK: John Wiley \& Sons}
}

@inproceedings{pasquale2011towards,
	title={Towards adaptive systems through requirements@runtime},
	author={Pasquale, Liliana and Baresi, Luciano and Nuseibeh, Bashar},
	booktitle={Proc. of the 6th Workshop on Models@run.time},
	year={2011}
}

@book{bourque2014guide,
	title={{Guide to the software engineering body of knowledge (SWEBOK (R)): Version 3.0}},
	author={Bourque, Pierre and Fairley, Richard E and others},
	year={2014},
	publisher={IEEE Computer Society Press}
}

@article{team2010cmmi,
	title={{CMMI{\textregistered} for Development, Version 1.3, Improving processes for developing better products and services}},
	author={{SEI/CMU}},
	journal={{no. CMU/SEI-2010-TR-033. Software Engineering Institute}},
	year={2010}
}

@inproceedings{negri-et-al@towards,
	title={Towards an Ontology of Goal-Oriented Requirements},
	author={Negri, Pedro Pignaton and Souza, V{\i}tor E Silva and de Castro Leal, Andr{\'e} Luiz and de Almeida Falbo, Ricardo and Guizzardi, Giancarlo},
	booktitle={Proc. of the 20th Workshop on Requirements Engineering (WER) at the 20th Ibero-American Conference on Software Engineering (CIbSE)},
	year={2017}
}

@book{robertson2012mastering,
	title={Mastering the requirements process: Getting requirements right},
	author={Robertson, Suzanne and Robertson, James},
	year={2012},
	publisher={Addison-wesley}
}

@book{kotonya-sommerville1998requirements,
	title={Requirements engineering: processes and techniques},
	author={Kotonya, Gerald and Sommerville, Ian},
	year={1998},
	publisher={Wiley Publishing}
}

@book{wohlin2005engineering,
	title={Engineering and managing software requirements},
	author={Wohlin, Claes and others},
	year={2005},
	publisher={Springer Science \& Business Media}
}

@inproceedings{de2013organizing,
	title={Organizing ontology design patterns as ontology pattern languages},
	author={Falbo, Ricardo de Almeida and Barcellos, Monalessa Perini and Nardi, Julio Cesar and Guizzardi, Giancarlo},
	booktitle={Extended Semantic Web Conference},
	pages={61--75},
	year={2013},
	organization={Springer}
}

@inproceedings{guizzardi-et-al2016ontologicalconsiderations,
	title={Ontological Considerations about the Representation of Events and Endurants in Business Models},
	author={Guizzardi, Giancarlo and Guarino, Nicola and Almeida, Jo{\~a}o Paulo A},
	booktitle={International Conference on Business Process Management},
	pages={20--36},
	year={2016},
	organization={Springer}
}

@inbook{falbo-et-al2016opl,
	title={{Ontology pattern languages}},
	author={Falbo, Ricardo A. and Barcellos, Monalessa P. and Ruy, Fabiano B. and Guizzardi, Giancarlo and Guizzardi, Renata S. S.},
	publisher={IOS Press},
	editor={Gangemi, A. and Hitzler, P. and Janowicz, K. and Krisnadhi, A. and Presutti, V.},
	booktitle={{Ontology Engineering with Ontology Design Patterns: Foundations and Applications}},
	year={2016}
}


@techreport{IEEE-1044@2009,
	title={{IEEE 1044: Standard Classification for Software Anomalies}},
	author={{IEEE}},
	year={2009},
	institution={{Technical report, Institute of Electrical and Electronics Engineers, Inc}}
}



@techreport{IEEE-1012@2016,
	title={{IEEE 1012: Standard for System, Software, and Hardware Verification and Validation}},
	author={{IEEE}},
	year={2016},
	institution={{Technical report, Institute of Electrical and Electronics Engineers, Inc}}
}

@techreport{IEEE-1028@2008,
	title={{IEEE 1028: Standard for Software Reviews and Autis}},
	author={{IEEE}},
	year={2008},
	institution={{Technical report, Institute of Electrical and Electronics Engineers, Inc}}
}




@techreport{iso2010sevocab, 
	author={{ISO}}, 
	journal={{ISO/IEC/IEEE 24765:2017(E)}}, 
	title={{ISO/IEC/IEEE International Standard - Systems and software engineering -- Vocabulary}}, 
	year={2017}, 
	volume={}, 
	number={}, 
	pages={1-541}, 
	institution={{International Organization for Standardization}},
	doi={10.1109/IEEESTD.2017.8016712}, 
	ISSN={}, 
	month={Aug},}

@inproceedings{guimaraes2013prioritizing,
	title={Prioritizing software anomalies with software metrics and architecture blueprints},
	author={Guimaraes, Everton and Garcia, Alessandro and Figueiredo, Eduardo and Cai, Yuanfang},
	booktitle={Modeling in Software Engineering (MiSE), 2013 5th International Workshop on},
	pages={82--88},
	year={2013},
	organization={IEEE}
}

@article{chillarege1996orthogonal,
	title={Orthogonal defect classification},
	author={Chillarege, Ram},
	journal={Handbook of Software Reliability Engineering},
	pages={359--399},
	year={1996},
	publisher={IEEE CS Press}
}

@inproceedings{delfrate2012preliminaries,
	title={Preliminaries to a formal ontology of failure of engineering artifacts.},
	author={Del Frate, Luca},
	booktitle={FOIS},
	pages={117--130},
	year={2012}
}

@techreport{international1990iec,
	title={{IEC 60050 (191) International Electrotechnical Vocabulary, Chapter 191: Dependability and quality of service}},
	author={{IEC}},
	institution={{International Electrotechnical Commission}},
	year={1990}
}

@techreport{pmbok2013guide,
	title={{A guide to the project management body of knowledge (PMBOK guide)}},
	author={{PMI}},
	year={2013},
	institution={{Project Management Institute}}
}

@inproceedings{kitamura1999ontological,
	title={An ontological analysis of fault process and category of faults},
	author={Kitamura, Yoshinobu and Mizoguchi, Riichiro},
	booktitle={Proceedings of tenth international workshop on principles of diagnosis (DX-99)},
	pages={118--128},
	year={1999}
}

@article{therac-25, 
	author={N. G. Leveson and C. S. Turner}, 
	journal={{Computer}}, 
	title={{An investigation of the Therac-25 accidents}}, 
	year={1993}, 
	volume={26}, 
	number={7}, 
	pages={18-41}, 
	keywords={accidents;government policies;linear accelerators;medical computing;radiation therapy;software engineering;systems engineering;Therac-25 medical electron accelerator;accidents;government regulation;radiation overdoses;safety-critical systems;software engineering;software-related overdoses;system development;system engineering;system operation;Accidents;Biomedical applications of radiation;Computer industry;Drugs;Electron accelerators;Food industry;Food manufacturing;History;Injuries;Software safety}, 
	doi={10.1109/MC.1993.274940}, 
	ISSN={0018-9162}, 
	month={July},}

@article{intel-pentium-defect@1997, 
	author={C. Williams}, 
	journal={{IEEE Transactions on Professional Communication}}, 
	title={{Intel's Pentium chip crisis: an ethical analysis}}, 
	year={1997}, 
	volume={40}, 
	number={1}, 
	pages={13-19}, 
	keywords={DP industry;electronics industry;errors;marketing;mathematics computing;microprocessor chips;professional aspects;Intel Corporation;Intel Pentium chip crisis;Pentium chip flaw;customers;ethical analysis;ethical errors;ethical philosophies;mathematical errors;public relations crisis;public relations errors;semiconductor industry;Chip scale packaging;Companies;Computer aided manufacturing;Computer aided software engineering;Electronics industry;Ethics;Fasteners;Mathematics;Microcomputers;Public relations}, 
	doi={10.1109/47.557513}, 
	ISSN={0361-1434}, 
	month={Mar},}

@article{beynon1995information,
	title={{Information systems ‘failure’: the case of the London Ambulance Service's Computer Aided Despatch project}},
	author={Beynon-Davies, Paul},
	journal={{European Journal of Information Systems}},
	volume={4},
	number={3},
	pages={171--184},
	year={1995},
	publisher={Springer}
}

@inproceedings{hogganvik2006graphical,
  title={A graphical approach to risk identification, motivated by empirical investigations},
  author={Hogganvik, Ida and St{\o}len, Ketil},
  booktitle={International Conference on Model Driven Engineering Languages and Systems},
  pages={574--588},
  year={2006},
  organization={Springer}
}

@article{roris2016towards,
	title={Towards a cost-effective and reusable traceability system. A semantic approach},
	author={Alonso-Ror{\'\i}s, V{\'\i}ctor M and {\'A}lvarez-Sabucedo, Lu{\'\i}s and Santos-Gago, Juan M and Ramos-Merino, Mateo},
	journal={Computers in Industry},
	volume={83},
	pages={1--11},
	year={2016},
	publisher={Elsevier}
}

@book{sommerville2008engenharia,
	title={Engenharia de software},
	author={Sommerville, Ian and Arakaki, Reginaldo and Melnikoff, Selma Shin Shimizu},
	year={2008},
	publisher={Pearson Prentice Hall}
}

@inproceedings{babar2011challenges,
	title={Challenges and future trends in software requirements prioritization},
	author={Babar, Muhammad Imran and Ramzan, Muhammad and Ghayyur, Shahbaz AK},
	booktitle={Computer Networks and Information Technology (ICCNIT), 2011 International Conference on},
	pages={319--324},
	year={2011},
	organization={IEEE}
}

@inproceedings{ieee830-1998,
	title={IEEE recommended practice for software requirements specifications},
	author={IEEE Computer Society. Software Engineering Standards Committee and IEEE-SA Standards Board},
	year={1998},
	organization={Institute of Electrical and Electronics Engineers}
}

@incollection{ruhe2005decision,
	title={Decision support in requirements engineering},
	author={Ruhe, G{\"u}nther and others},
	booktitle={Engineering and Managing Software Requirements},
	pages={267--286},
	year={2005},
	publisher={Springer}
}

@inproceedings{guizzardi2018aligning,
	title={Aligning Goal and Decision Modeling},
	author={Guizzardi, Renata and Perini, Anna and Susi, Angelo},
	booktitle={International Conference on Advanced Information Systems Engineering},
	pages={124--132},
	year={2018},
	organization={Springer}
}

@article{papatheocharous2018thegrade,
	title={The GRADE taxonomy for supporting decision-making of asset selection in software-intensive system development},
	author={Papatheocharous, Efi and Wnuk, Krzysztof and Petersen, Kai and Sentilles, S{\'e}verine and Cicchetti, Antonio and Gorschek, Tony and Shah, Syed Muhammad Ali},
	journal={Information and Software Technology},
	volume={100},
	pages={1--17},
	year={2018},
	publisher={Elsevier}
}

@article{aurum2003fundamental,
	title={The fundamental nature of requirements engineering activities as a decision-making process},
	author={Aurum, Ayb{\"u}ke and Wohlin, Claes},
	journal={Information and Software Technology},
	volume={45},
	number={14},
	pages={945--954},
	year={2003},
	publisher={Elsevier}
}

@inproceedings{papatheocharous2015decision,
	title={Decision support for choosing architectural assets in the development of software-intensive systems: The GRADE taxonomy},
	author={Papatheocharous, Efi and Petersen, Kai and Cicchetti, Antonio and Sentilles, S{\'e}verine and Shah, Syed Muhammad Ali and Gorschek, Tony},
	booktitle={Proceedings of the 2015 European Conference on Software Architecture Workshops},
	pages={48},
	year={2015},
	organization={ACM}
}

@inproceedings{guarino2015discussrelationship,
	title={“We need to discuss the Relationship”: Revisiting Relationships as Modeling Constructs},
	author={Guarino, Nicola and Guizzardi, Giancarlo},
	booktitle={International Conference on Advanced Information Systems Engineering},
	pages={279--294},
	year={2015},
	organization={Springer}
}

@book{ericyu2011socialmodeling-i*,
	title={Social modeling for requirements engineering},
	author={Eric, SK and Giorgini, Paolo and Maiden, Neil and Mylopoulos, John},
	year={2011},
	publisher={Mit Press}
}

@inproceedings{mansingh2014enhancing,
	title={Enhancing the Decision Making Process: An Ontology-based Approach.},
	author={Mansingh, Gunjan and Rao, Lila},
	booktitle={CONF-IRM},
	pages={9},
	year={2014}
}

@inproceedings{chai2010ontology,
	title={An ontology-driven framework for supporting complex decision process},
	author={Chai, Junyi and Liu, James NK},
	booktitle={World Automation Congress (WAC), 2010},
	pages={1--6},
	year={2010},
	organization={IEEE}
}

@book{decision-theory,
	title={Basic Decision Theory: Available in: http://www.siue.edu/~evailat/decision.htm},
	author={LaValle, Steve M.},
	year={2012},
	organization={Cambridge University Press}

}

@unpublished{ontological-analysis,
title= {Ontological Analysis and Conceptual Modeling},
author = {Guarino, Nicola},
year = {2014},
note= {Tutorial at the Second IAOA Interdisciplinary School on Ontological Analysis},
URL= {https://iaoa.org/isc2014/uploads/SlidesGuarino01.pdf},
}